<record><leader>00000cas a2200000 a 4500</leader><controlfield tag="001">34647931</controlfield><controlfield tag="008">960429d185419uumiuwr ne      0    0eng c</controlfield><datafield ind1=" " ind2=" " tag="010"><subfield code="a">sn 96076587 </subfield></datafield><datafield ind1=" " ind2=" " tag="040"><subfield code="a">MHN</subfield><subfield code="b">eng</subfield><subfield code="c">MHN</subfield><subfield code="d">OCL</subfield><subfield code="d">MHN</subfield><subfield code="d">NYS</subfield><subfield code="d">OCL</subfield><subfield code="d">NYS</subfield><subfield code="d">OCLCQ</subfield><subfield code="d">OCLCF</subfield><subfield code="d">OCLCO</subfield></datafield><datafield ind1=" " ind2=" " tag="019"><subfield code="a">37606088</subfield></datafield><datafield ind1="1" ind2=" " tag="029"><subfield code="a">AU@</subfield><subfield code="b">000012367108</subfield></datafield><datafield ind1=" " ind2=" " tag="042"><subfield code="a">pcc</subfield></datafield><datafield ind1=" " ind2=" " tag="043"><subfield code="a">n-us-mi</subfield></datafield><datafield ind1="0" ind2=" " tag="130"><subfield code="a">Battle Creek journal (Battle Creek, Mich. : 1854)</subfield></datafield><datafield ind1="1" ind2="0" tag="245"><subfield code="a">Battle Creek journal.</subfield></datafield><datafield ind1=" " ind2=" " tag="260"><subfield code="a">Battle Creek, Mich. :</subfield><subfield code="b">Walter W. Woolnough</subfield></datafield><datafield ind1=" " ind2=" " tag="300"><subfield code="a">v. ;</subfield><subfield code="c">58 cm.</subfield></datafield><datafield ind1=" " ind2=" " tag="310"><subfield code="a">Weekly</subfield></datafield><datafield ind1="0" ind2=" " tag="362"><subfield code="a">Vol. 3, no. 134 (June 2, 1854)-</subfield></datafield><datafield ind1=" " ind2=" " tag="500"><subfield code="a">Issue called: Battle Creek journal--extra, Oct. 5, 1867.</subfield></datafield><datafield ind1=" " ind2="0" tag="651"><subfield code="a">Battle Creek (Mich.)</subfield><subfield code="v">Newspapers.</subfield></datafield><datafield ind1=" " ind2="0" tag="651"><subfield code="a">Calhoun County (Mich.)</subfield><subfield code="v">Newspapers.</subfield></datafield><datafield ind1=" " ind2="7" tag="655"><subfield code="a">Newspapers.</subfield><subfield code="2">fast</subfield><subfield code="0">(OCoLC)fst01423814</subfield></datafield><datafield ind1=" " ind2="7" tag="651"><subfield code="a">Michigan</subfield><subfield code="z">Battle Creek.</subfield><subfield code="2">fast</subfield><subfield code="0">(OCoLC)fst01218610</subfield></datafield><datafield ind1=" " ind2="7" tag="651"><subfield code="a">Michigan</subfield><subfield code="z">Calhoun County.</subfield><subfield code="2">fast</subfield><subfield code="0">(OCoLC)fst01214761</subfield></datafield><datafield ind1=" " ind2=" " tag="752"><subfield code="a">United States</subfield><subfield code="b">Michigan</subfield><subfield code="c">Calhoun</subfield><subfield code="d">Battle Creek.</subfield></datafield><datafield ind1="0" ind2=" " tag="775"><subfield code="t">Battle Creek daily journal (Battle Creek, Mich. : 1872)</subfield><subfield code="w">(DLC)sn 85026656</subfield><subfield code="w">(OCoLC)12326881</subfield></datafield><datafield ind1="0" ind2="0" tag="780"><subfield code="t">Weekly journal (Battle Creek, Mich.)</subfield><subfield code="w">(DLC)sn 96076586</subfield><subfield code="w">(OCoLC)34647850</subfield></datafield></record>